<record><leader>00000cas a22000007a 4500</leader><controlfield tag="001">21183354</controlfield><controlfield tag="008">900307d19321934gauwr ne      0    0eng d</controlfield><datafield ind1=" " ind2=" " tag="010"><subfield code="a">sn 89053855 </subfield></datafield><datafield ind1=" " ind2=" " tag="040"><subfield code="a">NLG</subfield><subfield code="b">eng</subfield><subfield code="c">NLG</subfield><subfield code="d">GUA</subfield><subfield code="d">OCLCQ</subfield><subfield code="d">OCLCF</subfield><subfield code="d">OCLCO</subfield></datafield><datafield ind1="1" ind2=" " tag="029"><subfield code="a">AU@</subfield><subfield code="b">000040517849</subfield></datafield><datafield ind1=" " ind2=" " tag="042"><subfield code="a">msc</subfield></datafield><datafield ind1=" " ind2=" " tag="043"><subfield code="a">n-us-ga</subfield></datafield><datafield ind1="0" ind2="4" tag="245"><subfield code="a">The Hahira weekly.</subfield></datafield><datafield ind1=" " ind2=" " tag="260"><subfield code="a">Hahira, Ga. :</subfield><subfield code="b">H.F. Parrish &amp; W.T. Langston,</subfield><subfield code="c">1932-1934.</subfield></datafield><datafield ind1=" " ind2=" " tag="300"><subfield code="a">v.</subfield></datafield><datafield ind1=" " ind2=" " tag="310"><subfield code="a">Weekly</subfield></datafield><datafield ind1="0" ind2=" " tag="362"><subfield code="a">Vol. 3, no. 45 (Oct. 7, 1932)-v. 5, no. 3 (Mar. 30, 1934).</subfield></datafield><datafield ind1=" " ind2=" " tag="530"><subfield code="a">Also on microfilm: Athens, Ga. : University of Georgia Libraries.</subfield></datafield><datafield ind1=" " ind2="0" tag="651"><subfield code="a">Hahira (Ga.)</subfield><subfield code="v">Newspapers.</subfield></datafield><datafield ind1=" " ind2="0" tag="651"><subfield code="a">Lowndes County (Ga.)</subfield><subfield code="v">Newspapers.</subfield></datafield><datafield ind1=" " ind2="7" tag="655"><subfield code="a">Newspapers.</subfield><subfield code="2">fast</subfield><subfield code="0">(OCoLC)fst01423814</subfield></datafield><datafield ind1=" " ind2="7" tag="651"><subfield code="a">Georgia</subfield><subfield code="z">Hahira.</subfield><subfield code="2">fast</subfield><subfield code="0">(OCoLC)fst01204245</subfield></datafield><datafield ind1=" " ind2="7" tag="651"><subfield code="a">Georgia</subfield><subfield code="z">Lowndes County.</subfield><subfield code="2">fast</subfield><subfield code="0">(OCoLC)fst01208840</subfield></datafield><datafield ind1=" " ind2=" " tag="752"><subfield code="a">United States</subfield><subfield code="b">Georgia</subfield><subfield code="c">Lowndes</subfield><subfield code="d">Hahira.</subfield></datafield><datafield ind1="0" ind2="0" tag="785"><subfield code="t">Hahira gold leaf (Hahira, Ga. : 1934)</subfield><subfield code="w">(DLC)sn 89053856</subfield><subfield code="w">(OCoLC)21188474</subfield></datafield></record>